
@book{Abramowitz1974Handbook,
  title = {Handbook of {{Mathematical Functions}}, {{With Formulas}}, {{Graphs}}, and {{Mathematical Tables}}},
  author = {Abramowitz, Milton},
  year = {1974},
  publisher = {{Dover Publications, Inc.}},
  address = {{USA}},
  isbn = {978-0-486-61272-0},
  annotation = {ZSCC: 0000001}
}

@article{einstein1905,
    author={Albert Einstein},
    title={On the Electrodynamics of Moving Bodies},
    journal={Annalen der Physik},
    volume={322},
    number={10},
    pages={891--921},
    year={1905},
    publisher={Wiley-VCH}
}


@article{Cressie1999Classes,
  title = {Classes of {{Nonseparable}}, {{Spatio}}-{{Temporal Stationary Covariance Functions}}},
  author = {Cressie, Noel and Huang, Hsin-Cheng},
  year = {1999},
  month = dec,
  journal = {Journal of the American Statistical Association},
  volume = {94},
  number = {448},
  pages = {1330--1339},
  publisher = {{Taylor \& Francis}},
  issn = {0162-1459},
  doi = {10.1080/01621459.1999.10473885},
  keywords = {Bochner's theorem,Matern covariance,Positive definite,Simple kriging.}
}
